

@Online{Redis-Docs-Benchmarks,
	author = {{Redis}},
	title = {{Redis-Docs, Benchmarks}},
	url = {https://redis.io/docs/management/optimization/benchmarks/},
	year = {2023}
}

@Online{Redis-Docs-Persistenz,
	author = {{Redis}},
	title = {{Redis-Docs, Persistenz}},
	url = {https://redis.io/docs/management/persistence/},
	year = {2022}
}

@Unpublished{VL_Rechnerarchitektur,
	author = {Ivan Bogicevic},
	title = {Rechnerarchitekturen},
	year = {2023},
	note = {Vorlesung DHBW-Stuttgart Semester 4}
}

@Inbook{Bengel2014,
author="Bengel, G{\"u}nther",
title="Klassifikation von Client-Server-Architekturen",
bookTitle="Grundkurs Verteilte Systeme: Grundlagen und Praxis des Client-Server und Distributed Computing",
year="2014",
publisher="Springer Fachmedien Wiesbaden",
address="Wiesbaden",
pages="21--67",
abstract="Bevor wir auf eine Klassifikation von Client-Server-Architekturen eingehen, m{\"u}ssen wir zun{\"a}chst die Bedeutung der Begriffe",
isbn="978-3-8348-2150-8",
doi="10.1007/978-3-8348-2150-8_2",
url="https://doi.org/10.1007/978-3-8348-2150-8_2"
}

@Inbook{Fasel2016,
author="Fasel, Daniel
and Meier, Andreas",
editor="Fasel, Daniel
and Meier, Andreas",
title="Was versteht man unter Big Data und NoSQL?",
bookTitle="Big Data: Grundlagen, Systeme und Nutzungspotenziale",
year="2016",
publisher="Springer Fachmedien Wiesbaden",
address="Wiesbaden",
pages="3--16",
abstract="Verfolgt man die Diskussionen in der europ{\"a}ischen Wirtschaft, erkennt man, dass der Begriff Big Data in der Praxis nicht klar definiert ist. Er ist zwar in aller Munde, doch nur wenige haben eine Antwort auf die Frage, was Big Data ist und welche Unterschiede zu den bestehenden Datenbest{\"a}nden im Unternehmen existieren. Dieses Kapitel gibt eine Begriffskl{\"a}rung f{\"u}r Big Data und NoSQL. Anhand der drei Merkmale Volume, Velocity und Variety werden grundlegende Aspekte von Big Data erl{\"a}utert. Um Big Data wertsch{\"o}pfend in einer Firma oder Organisation einzusetzen, braucht es Technologien und F{\"a}higkeiten, neben formatierten Daten auch semi-strukturierte und unstrukturierte Daten effizient verarbeiten zu k{\"o}nnen. Neben den Grundlagen zu SQL- und NoSQL-Datenbanken werden die Kernkompetenzen f{\"u}r ein Datenmanagement im Zeitalter von Big Data aufgezeigt. Weiterf{\"u}hrende Literaturangaben runden das Kapitel ab.",
isbn="978-3-658-11589-0",
doi="10.1007/978-3-658-11589-0_1",
url="https://doi.org/10.1007/978-3-658-11589-0_1"
}

